% This file was created with JabRef 2.3.1.
% Encoding: UTF8

@INBOOK{se,
  title = {軟體工程},
  year = {2013},
  publisher = {臺北，社團法人臺灣軟體工程學會},
  pages = {194},
  author = {李允中},
  owner = {Administrator},
  timestamp = {2021.06.06}
}

@mastersthesis{stablexpath,
  author  = {呂昭陞},
  title   = {一個改善XPath表達式在網頁應用程式自動化驗收測試之穩定
性的方法},
  school  = {國立臺北科技大學資訊工程系碩士班},
  address = {臺北},
  year    = {2018}
}

@mastersthesis{i18n,
  author  = {朱峻平},
  title   = {支援多國語言的Robot Framework網頁自動化驗收測試},
  school  = {國立臺北科技大學資訊工程系碩士班},
  address = {臺北},
  year    = {2019}
}

@conference{testduo,
  author   = {{Chin-Yun Hsieh , Chen-Hsin Tsai , Yu Chin Cheng}},
  title    = {{Test-Duo: A framework for generating and executing automated acceptance tests from use cases}},
  booktitle = {{8th International Workshop on Automation of Software Test (AST)}},
  year  = {{2013, May}},
  address = {{San Francisco, CA, USA}}
}

@misc{internationalization,
  title = {{INTERNATIONALIZATION}},
  note = {Retrieved from https://www.w3.org/standards/webdesign/i18n/}
}

@misc{json,
  title = {{JSON – Introduction}},
  note = {Retrieved from https://www.w3schools.com/js/js\_json\_intro.asp/}
}

@misc{rf,
  title = {{Robot Framework}},
  note = {Retrieved from https://robotframework.org/}
}

@misc{rfguide,
  title = {{Robot Framework User Guide}},
  note = {Retrieved from https://robotframework.org/robotframework/latest/RobotFrameworkUserGuide/}
}

@misc{python,
  title = {{Python Official Website}},
  note = {Retrieved from https://www.python.org/}
}

@misc{microsoft,
  title = {{Microsoft Official Website}},
  note = {Retrieved from https://www.microsoft.com/}
}

@misc{xpath,
  title = {{XPath Tutorial}},
  note = {Retrieved from https://www.w3schools.com/xml/xpath\_intro.asp/}
}

@misc{PIP,
  title = {{Python PIP}},
  note = {Retrieved from https://www.w3schools.com/python/python\_pip.asp/}
}

@misc{AT,
  title = {{Automation Testing Tutorial: What is Automated Testing?}},
  note = {Retrieved from https://www.guru99.com/automation-testing.html\#1/}
}

@misc{proxy,
  title = {{Proxy}},
  note = {Retrieved from https://refactoring.guru/design-patterns/proxy/}
}

@misc{red,
  title = {{RED – Robot Editor}},
  note = {Retrieved from https://github.com/nokia/RED/}
}

@misc{PYPI,
  title = {{PYPI Official Website}},
  note = {Retrieved from https://pypi.org/}
}

@misc{license,
  title = {{Choose an open source license}},
  note = {Retrieved from https://choosealicense.com/}
}

@misc{ut,
  title = {{Unit Testing}},
  note = {Retrieved from https://www.tutorialspoint.com/software\_testing\_dictionary/unit\_testing.htm/}
}

@misc{nodejs,
  title = {{Node.js Official Website}},
  note = {Retrieved from https://nodejs.org/en/}
}
